<?xml version="1.0" encoding="UTF-8"?><collection xmlns="http://www.loc.gov/MARC21/slim"><record><leader>00630nam--2200181-i-4500</leader><controlfield tag="001">000020981</controlfield><controlfield tag="002">20161230</controlfield><controlfield tag="005">20161230201033</controlfield><controlfield tag="008">060222s1000------------r-----000-0-eng-d</controlfield><datafield ind1=" " ind2=" " tag="040"><subfield code="a">IFIN-HH</subfield></datafield><datafield ind1=" " ind2=" " tag="080"><subfield code="a">539.126(061.3)</subfield></datafield><datafield ind1="1" ind2=" " tag="100"><subfield code="a">Feldmeier, Hans</subfield></datafield><datafield ind1="1" ind2="0" tag="245"><subfield code="a">Hadrons in nuclear matter</subfield><subfield code="b">Proceedings of the international workshop xxiii on gross properties of nuclei and nuclear exitations hirschegg, austria, january 16-21, 1995</subfield><subfield code="c">Hans feldmeier, wolfgang norenberg (eds.)</subfield></datafield><datafield ind1=" " ind2=" " tag="260"><subfield code="a">Darmstadt</subfield><subfield code="b">Gsi</subfield><subfield code="c">1995</subfield></datafield><datafield ind1=" " ind2=" " tag="300"><subfield code="a">385 P</subfield></datafield><datafield ind1="1" ind2=" " tag="700"><subfield code="a">Norengerg, Wolfgang</subfield><subfield code="e">Ed</subfield></datafield><datafield ind1=" " ind2=" " tag="852"><subfield code="a">80285</subfield><subfield code="c">539.12</subfield></datafield><datafield ind1=" " ind2=" " tag="CAT"><subfield code="a">Sys</subfield><subfield code="c">20120202</subfield><subfield code="h">122258</subfield></datafield></record></collection>